@manual{Spartan,
	author = {Xilinx},
	title = {Spartan-3 Generation FPGA User Guide},
	year = 2011,
	month = {June},
	date = {June 13, 2011},
	subtitle = {Extended Spartan-3A, Spartan-3E, and Spartan-3 FPGA Families},
	version = {1.8},
}

@article{FRV,
	title={Free range VHDL},
	author={Mealy, Bryan and Tappero, Fabrizio},
	journal={URL: http://www. freerangefactory. org/dl/free\_range\_vhdl. pdf},
	year={2013}
}


@manual{WhileySpec,
	author = {David J. Pearce},
	title = {The Whiley Language Specification},
	year = 2014,
	date = {2014},
	version = {0.3.38},
}

@inproceedings{parkinson1994c,
	title={C to VHDL Converter in a Codesign Environment},
	author={Parkinson, Matthew F and Taylor, Paul M and Parameswaran, Sri},
	booktitle={VHDL International Users Forum. Spring Conference, 1994. Proceedings of},
	pages={100--109},
	year={1994},
	organization={IEEE}
}

@article{nikolov2008systematic,
	title={Systematic and automated multiprocessor system design, programming, and implementation},
	author={Nikolov, Hristo and Stefanov, Todor and Deprettere, Ed},
	journal={IEEE Transactions on Computer-Aided Design of Integrated Circuits and Systems},
	volume={27},
	number={3},
	pages={542--555},
	year={2008},
	publisher={IEEE}
}

@inproceedings{putnam2008chimps,
	title={CHiMPS: A C-level compilation flow for hybrid CPU-FPGA architectures},
	author={Putnam, Andrew and Bennett, Dave and Dellinger, Eric and Mason, Jeff and Sundararajan, Prasanna and Eggers, Susan},
	booktitle={Field Programmable Logic and Applications, 2008. FPL 2008. International Conference on},
	pages={173--178},
	year={2008},
	organization={IEEE}
}

@inproceedings{SubTyping,
  title={Sound and Complete Flow Typing with Unions, Intersections and Negations.},
  author={Pearce, David J},
  booktitle={VMCAI},
  pages={335--354},
  year={2013},
  organization={Springer}
}

@inproceedings{iseli1995c++,
	title={A C++ compiler for FPGA custom execution units synthesis},
	author={Iseli, Christian and Sanchez, Eduardo},
	booktitle={FPGAs for Custom Computing Machines, 1995. Proceedings. IEEE Symposium on},
	pages={173--179},
	year={1995},
	organization={IEEE}
}

@inproceedings{czajkowski2012opencl,
	title={OpenCL for FPGAs: Prototyping a compiler},
	author={Czajkowski, Tomasz S and Neto, David and Kinsner, Michael and Aydonat, Utku and Wong, Jason and Denisenko, Dmitry and Yiannacouras, Peter and Freeman, John and Singh, Deshanand P and Brown, Stephen D},
	booktitle={Proceedings of the International Conference on Engineering of Reconfigurable Systems and Algorithms (ERSA)},
	pages={1},
	year={2012},
	organization={The Steering Committee of The World Congress in Computer Science, Computer Engineering and Applied Computing (WorldComp)}
}

@article{bacon2013fpga,
	title={FPGA programming for the masses},
	author={Bacon, David F and Rabbah, Rodric and Shukla, Sunil},
	journal={Communications of the ACM},
	volume={56},
	number={4},
	pages={56--63},
	year={2013},
	publisher={ACM}
}

@article{cardoso2003compilation,
	title={Compilation for FPGA-based reconfigurable hardware},
	author={Cardoso, Jo{\~a}o MP and Neto, Hor{\'a}cio C},
	journal={IEEE Design \& Test of Computers},
	volume={20},
	number={2},
	pages={65--75},
	year={2003},
	publisher={IEEE}
}

@article{tripp2007trident,
	title={Trident: From high-level language to hardware circuitry},
	author={Tripp, Justin L and Gokhale, Maya B and Peterson, Kristopher D},
	journal={Computer},
	volume={40},
	number={3},
	year={2007},
	publisher={IEEE}
}


@article{flanagan2013pldi,
	title={PLDI 2002: Extended static checking for Java},
	author={Flanagan, Cormac and Leino, K Rustan M and Lillibridge, Mark and Nelson, Greg and Saxe, James B and Stata, Raymie},
	journal={ACM Sigplan Notices},
	volume={48},
	number={4S},
	pages={22--33},
	year={2013},
	publisher={ACM}
}

@inproceedings{pearce2015integer,
  title={Integer range analysis for Whiley on embedded systems},
  author={Pearce, David J},
  booktitle={Object/Component/Service-Oriented Real-Time Distributed Computing Workshops (ISORCW), 2015 IEEE International Symposium on},
  pages={26--33},
  year={2015},
  organization={IEEE}
}


